% Encoding: UTF-8

@book{Goldb89,
author       = {D. E. Goldberg},
title        = {Genetic algorithms in search, optimization, and machine learning},
year         = {1989},
publisher    = {Addison-Wesley},
location     = {Reading, Mass.}
}

@incollection{Steen01,
author       = {D. Steenken and T. Winter and U. T. Zimmermann},
title        = {Stowage and transport optimization in ship planning},
year         = {2001},
booktitle    = {Online optimization of large scale systems},
editor       = {Martin Gr\"otschel and Sven O. Krumke and J\"org Rambau},
publisher    = {Springer},
location     = {Berlin Heidelberg},
pages        = {731-745}
}

@article{Glove89,
author       = {F. Glover and H. J. Greenberg},
title        = {New approaches for heuristic search: A bilateral linkage with artificial intelligence},
year         = {1989},
journaltitle = {European Journal of Operational Research},
volume       = {39},
number       = {2},
pages        = {119-130}
}

@inproceedings{Merkl00,
author       = {D. Merkle and M. Middendorf and H. Schmeck},
title        = {Ant colony optimization for resource-constrained project scheduling},
booktitle    = {Proceedings of the Genetic and Evolutionary Computation Conference  (GECCO-2000)},
publisher    = {Morgan Kaufmann},
year         = {2000},
pages        = {893-900}
}

@misc{HSBA18,
author       = {HSBA},
title        = {Website},
year         = {2020},
url          = {www.hsba.de},
urldate      = {2020-09-30}
}

@Article{Leler2017,
  author    = {Wm Leler},
  journal   = {Hackernoon},
  title     = {{W}hatâ€™s {R}evolutionary about {F}lutter},
  year      = {2017},
  month     = aug,
  timestamp = {2021-01-13},
  url       = {https://hackernoon.com/whats-revolutionary-about-flutter-946915b09514},
}

@Article{Leler2017a,
  author    = {Wm Leler},
  journal   = {Hackernoon},
  title     = {{W}hy {F}lutter {U}ses {D}art},
  year      = {2017},
  month     = dec,
  timestamp = {2021-01-13},
  url       = {https://hackernoon.com/why-flutter-uses-dart-dd635a054ebf},
}

@Article{Mercado2016,
  author  = {I. T. Mercado and N. Munaiah and A. Meneely},
  journal = {Association for Computing Machinery Journal},
  title   = {The impact of cross-platform development approaches for mobile applications from the user's perspective},
  year    = {2016},
  url     = {https://dl.acm.org/doi/abs/10.1145/2993259.2993268},
}

@Article{Ebone2018,
  author  = {A. Ebone and Y. Tan and X. Jia},
  journal = {IEEE},
  title   = {{A} {P}erformance {E}valuation of {C}ross-{P}latform {M}obile {A}pplication {D}evelopment {A}pproaches},
  year    = {2018},
}

@Misc{FlutterDev20,
  author    = {Google},
  title     = {Flutter {H}omepage},
  timestamp = {2021-01-20},
  url       = {https://flutter.dev/},
}

@Misc{IDC2020,
  author    = {IDC},
  month     = dec,
  title     = {Smartphone {M}arket {S}hare},
  year      = {2020},
  owner     = {International Data Corporation},
  timestamp = {2021-01-20},
  url       = {https://www.idc.com/promo/smartphone-market-share/os},
}

@Misc{FlutterReleases2020,
  author    = {Google},
  month     = jan,
  title     = {Flutter {S}{D}{K} releases},
  year      = {2021},
  timestamp = {2021-01-20},
  url       = {https://flutter.dev/docs/development/tools/sdk/releases},
}

@Comment{jabref-meta: databaseType:bibtex;}
